

@article{cms_daq,
	author = {P Bauer, Gerry and Bawej, T and Behrens, U and Branson, James and Chaze, Olivier and Cittolin, Sergio and Coarasa, Jose and Darlea, Georgiana-Lavinia and Deldicque, C and Dobson, M and Dupont, A and Erhan, S and Gigi, D and Glege, F and Gomez-Ceballos, Guillelmo and Gomez-Reino, R and Hartl, C and Hegeman, J and Holzner, A and Zejdl, P},
	year = {2014},
	month = {06},
	pages = {012031},
	title = {Automating the CMS DAQ},
	volume = {513},
	journal = {Journal of Physics: Conference Series},
	doi = {10.1088/1742-6596/513/1/012031}
}

@article{cms_design_report,
      author         = "CERN. Geneva. LHC Experiments Committee",
      title          = "{The CMS muon project}",
      collaboration  = "CMS",
      year           = "1997",
      reportNumber   = "CERN-LHCC-97-032, CMS-TDR-3",
      SLACcitation   = "%%CITATION = CERN-LHCC-97-032;%%"
}

@unpublished{cms_onion,
      author        = "Barney, David",
      title         = "{CMS Detector Slice}",
      month         = "Jan",
      year          = "2016",
      reportNumber  = "CMS-PHO-GEN-2016-001",
      url           = "https://cds.cern.ch/record/2120661",
      note          = "CMS Collection.",
}


@inproceedings{oneclasssvm,
 author = {SchoÌˆlkopf, Bernhard and Williamson, Robert and Smola, Alex and Shawe-Taylor, John and Platt, John},
 title = {Support Vector Method for Novelty Detection},
 booktitle = {Proceedings of the 12th International Conference on Neural Information Processing Systems},
 series = {NIPS'99},
 year = {1999},
 location = {Denver, CO},
 pages = {582--588},
 numpages = {7},
 url = {http://dl.acm.org/citation.cfm?id=3009657.3009740},
 acmid = {3009740},
 publisher = {MIT Press},
 address = {Cambridge, MA, USA},
}